% This file was created with Citavi 6.11.0.0
% Changed some '@misc' to '@techreport'
% https://tex.stackexchange.com/questions/229073/bibtex-change-format-of-urldate

@book{Abadi.2018,
 author = {Abadi, Joseph and Brunnermeier, Markus},
 year = {2018},
 title = {Blockchain Economics},
 publisher = {{National Bureau of Economic Research}}
}


@techreport{Nakamoto.2009,
 author = {Nakamoto, Satoshi},
 year = {2009},
 title = {Bitcoin: A Peer-to-Peer Electronic Cash System},
 url = {https://bitcoin.org/bitcoin.pdf},
 urldate = {2022-06-10}
}


@techreport{Martino.2018,
 author = {Martino, William and Quaintance, Monica and Popejoy, Stuart},
 date = {2018},
 title = {Chainweb: A Proof-of-Work Parallel-Chain Architecture for Massive Throughput},
 url = {https://d31d887a-c1e0-47c2-aa51-c69f9f998b07.filesusr.com/ugd/86a16f_029c9991469e4565a7c334dd716345f4.pdf},
 urldate = {2022-06-10}
}


@techreport{Martino.2018b,
 author = {Martino, William and Quaintance, Monica},
 date = {2018},
 title = {Chainweb Protocol Security Calculations},
 url = {https://d31d887a-c1e0-47c2-aa51-c69f9f998b07.filesusr.com/ugd/86a16f_26d87f20cf8548d2927e28152babf533.pdf},
 urldate = {2022-06-10}
}


@patent{Martino.2019,
 author = {Martino, William and Popejoy, Stuart and Quaintance, Monica},
 year = {2019},
 title = {Parallel-chain architecture for blockchain systems},
 url = {https://patft.uspto.gov/netacgi/nph-Parser?Sect1=PTO1&Sect2=HITOFF&d=PALL&p=1&u=%2Fnetahtml%2FPTO%2Fsrchnum.htm&r=1&f=G&l=50&s1=10938567.PN.&OS=PN/10938567},
 urldate = {2022-06-10},
 number = {10938567}
}


@article{Loz.2010,
 author = {Loz, Eyal and {Pineda-Villavicencio Guillermo}},
 year = {2010},
 title = {New Benchmarks for Large-Scale Networks with Given Maximum Degree and Diameter},
 pages = {1092--1105},
 volume = {53},
 number = {7},
 journal = {The Computer Journal},
 doi = {10.1093/comjnl/bxp091}
}


@misc{KadenaLCC.,
 author = {{Kadena LCC}},
 title = {Kadena Block Explorer},
 url = {https://explorer.chainweb.com/mainnet},
 urldate = {2022-05-28}
}


@article{Haber.1991,
 author = {Haber, Stuart and Stornetta, W. Scott},
 year = {1991},
 title = {How to time-stamp a digital document},
 pages = {99--111},
 volume = {3},
 number = {2},
 issn = {0933-2790},
 journal = {Journal of Cryptology},
 doi = {10.1007/bf00196791}
}


@article{Gervais.2016,
 author = {Gervais, Arthur and Karame, Ghassan O. and W{\"u}st, Karl and Glykantzis, Vasileios and Ritzdorf, Hubert and Capkun, Srdjan},
 year = {2016},
 title = {On the security and performance of proof of work blockchains},
 journal = {Proceedings of the 2016 ACM SIGSAC Conference on Computer and Communications Security},
 doi = {10.1145/2976749.2978341}
}


@techreport{Espitau.2015,
 author = {Espitau, Thomas and {Pierre-Alain Fouque} and {Pierre Karpman}},
 year = {2015},
 title = {Higher-Order Differential Meet-in-The-Middle Preimage Attacks on SHA-1 and BLAKE},
 url = {https://eprint.iacr.org/2015/515}
}


@article{Cai.2019,
 author = {Cai, Shubin and Zhou, Huaifeng and Yang, NingSheng and Ming, Zhong},
 year = {2019},
 title = {A TPS model of block-generating method based on POW},
 journal = {2019 IEEE International Conference on Smart Cloud (SmartCloud)},
 doi = {10.1109/smartcloud.2019.00024}
}


@misc{BundesamtfurSicherheitinderInformationstechnik.2019,
 author = {{Bundesamt f{\"u}r Sicherheit in der Informationstechnik}},
 year = {2019},
 title = {Blockchain sicher gestalten: Konzepte, Anforderungen, Bewertungen},
 url = {https://www.bsi.bund.de/SharedDocs/Downloads/DE/BSI/Krypto/Blockchain_Analyse.pdf?__blob=publicationFile&v=3},
 urldate = {2022-06-10}
}


@misc{Blake2.2017,
 author = {Blake2},
 year = {2017},
 title = {BLAKE2 --- fast secure hashing},
 url = {https://www.blake2.net/},
 urldate = {2022-06-10}
}


@misc{Beardsley.2021,
 author = {Beardsley, Doug},
 year = {2021},
 title = {How to Scale a Proof of Work Blockchains},
 url = {https://medium.com/kadena-io/how-to-scale-a-proof-of-work-blockchain-9233e5b4b62},
 urldate = {2022-06-06}
}


@misc{Anedak.,
 author = {Anedak},
 title = {Kadena Statistics},
 url = {https://anedak.com/beta},
 urldate = {2022-06-05}
}


@misc{Nielsen.2013,
 author = {Nielsen, Michael},
 year = {2013},
 title = {How the Bitcoin protocol actually works},
 url = {https://michaelnielsen.org/ddi/how-the-bitcoin-protocol-actually-works/},
 urldate = {2022-06-10}
}


@article{Yang.2019,
 author = {Yang, Xinle and Chen, Yang and Chen, Xiaohu},
 year = {2019},
 title = {Effective scheme against 51{\%} attack on proof-of-work blockchain with history weighted information},
 journal = {2019 IEEE International Conference on Blockchain (Blockchain)},
 doi = {10.1109/blockchain.2019.00041}
}


